<record><leader>00000cas a22000007a 4500</leader><controlfield tag="001">1751709</controlfield><controlfield tag="008">751101d19201928mnuwr ne      0    0eng d</controlfield><datafield ind1=" " ind2=" " tag="010"><subfield code="a">sn 90060876 </subfield></datafield><datafield ind1=" " ind2=" " tag="040"><subfield code="a">MUL</subfield><subfield code="b">eng</subfield><subfield code="c">MUL</subfield><subfield code="d">MN#</subfield><subfield code="d">OCLCQ</subfield><subfield code="d">OCLCF</subfield><subfield code="d">OCLCO</subfield></datafield><datafield ind1="1" ind2=" " tag="029"><subfield code="a">AU@</subfield><subfield code="b">000025848939</subfield></datafield><datafield ind1=" " ind2=" " tag="042"><subfield code="a">msc</subfield></datafield><datafield ind1=" " ind2=" " tag="043"><subfield code="a">n-us-mn</subfield></datafield><datafield ind1=" " ind2=" " tag="052"><subfield code="a">4144</subfield><subfield code="b">H2</subfield></datafield><datafield ind1=" " ind2=" " tag="052"><subfield code="a">4143</subfield><subfield code="b">K5</subfield></datafield><datafield ind1="0" ind2=" " tag="130"><subfield code="a">People's press (Hallock, Minn.)</subfield></datafield><datafield ind1="0" ind2="4" tag="245"><subfield code="a">The people's press.</subfield></datafield><datafield ind1=" " ind2=" " tag="260"><subfield code="a">Hallock, Kittson County, Minn. :</subfield><subfield code="b">Kittson County Co-operative Pub. Co.,</subfield><subfield code="c">1920-1928.</subfield></datafield><datafield ind1=" " ind2=" " tag="300"><subfield code="a">9 v.</subfield></datafield><datafield ind1=" " ind2=" " tag="310"><subfield code="a">Weekly</subfield></datafield><datafield ind1="0" ind2=" " tag="362"><subfield code="a">Vol. 32, no. 44 (Oct. 30, 1920)-v. 40, no. 52 (Dec. 28, 1928).</subfield></datafield><datafield ind1=" " ind2=" " tag="530"><subfield code="a">Available on microfilm from the Minnesota Historical Society.</subfield></datafield><datafield ind1=" " ind2="0" tag="651"><subfield code="a">Hallock (Minn.)</subfield><subfield code="v">Newspapers.</subfield></datafield><datafield ind1=" " ind2="7" tag="655"><subfield code="a">Newspapers.</subfield><subfield code="2">fast</subfield><subfield code="0">(OCoLC)fst01423814</subfield></datafield><datafield ind1=" " ind2="7" tag="651"><subfield code="a">Minnesota</subfield><subfield code="z">Hallock.</subfield><subfield code="2">fast</subfield><subfield code="0">(OCoLC)fst01247350</subfield></datafield><datafield ind1=" " ind2=" " tag="752"><subfield code="a">United States</subfield><subfield code="b">Minnesota</subfield><subfield code="c">Kittson</subfield><subfield code="d">Hallock.</subfield></datafield><datafield ind1="0" ind2="0" tag="780"><subfield code="t">Hallock weekly news</subfield><subfield code="w">(DLC)sn 90060875</subfield></datafield><datafield ind1="0" ind2="4" tag="785"><subfield code="t">Kittson County enterprise</subfield><subfield code="w">(DLC)sn 90060903</subfield></datafield></record>